<?xml version="1.0" encoding="UTF-8"?><record xmlns="http://www.loc.gov/MARC21/slim" xmlns:cinclude="http://apache.org/cocoon/include/1.0" xmlns:zs="http://www.loc.gov/zing/srw/">
  <leader>00605nz  a2200169n  4500</leader>
  <controlfield tag="001">no2002044583</controlfield>
  <controlfield tag="003">DLC</controlfield>
  <controlfield tag="005">20020523052655.0</controlfield>
  <controlfield tag="008">020522n| acannaabn          |a aaa      </controlfield>
  <datafield tag="010" ind1=" " ind2=" ">
    <subfield code="a">no2002044583</subfield>
  </datafield>
  <datafield tag="035" ind1=" " ind2=" ">
    <subfield code="a">(OCoLC)oca05768666</subfield>
  </datafield>
  <datafield tag="040" ind1=" " ind2=" ">
    <subfield code="a">DLC-OI</subfield>
    <subfield code="b">eng</subfield>
    <subfield code="c">DLC-OI</subfield>
  </datafield>
  <datafield tag="100" ind1="1" ind2=" ">
    <subfield code="a">Lee, Edwin Peng Khoon</subfield>
  </datafield>
  <datafield tag="400" ind1="1" ind2=" ">
    <subfield code="a">Lee, Peng Khoon</subfield>
  </datafield>
  <datafield tag="400" ind1="1" ind2=" ">
    <subfield code="a">Khoon, Edwin Lee Peng</subfield>
  </datafield>
  <datafield tag="400" ind1="1" ind2=" ">
    <subfield code="a">Khoon, Lee Peng</subfield>
  </datafield>
  <datafield tag="670" ind1=" " ind2=" ">
    <subfield code="a">Building contract law in Singapore, 2002:</subfield>
    <subfield code="b">t.p. (Edwin Lee Peng Khoon, LLB. (Hon)) cover p. 4 (an advocate &amp; solicitor of Supreme Court of Singapore; is a partner in law firm of Chong Yeo &amp; Partners)</subfield>
  </datafield>
</record>